@inproceedings{krizhevsky2012imagenet,
  title={Imagenet classification with deep convolutional neural networks},
  author={Krizhevsky, Alex and Sutskever, Ilya and Hinton, Geoffrey E},
  booktitle={Advances in neural information processing systems},
  pages={1097--1105},
  year={2012}
}
@article{simonyan2014very,
  title={Very deep convolutional networks for large-scale image recognition},
  author={Simonyan, Karen and Zisserman, Andrew},
  journal={arXiv preprint arXiv:1409.1556},
  year={2014}
}
@inproceedings{szegedy2015going,
  title={Going deeper with convolutions},
  author={Szegedy, Christian and Liu, Wei and Jia, Yangqing and Sermanet, Pierre and Reed, Scott and Anguelov, Dragomir and Erhan, Dumitru and Vanhoucke, Vincent and Rabinovich, Andrew},
  booktitle={Proceedings of the IEEE conference on computer vision and pattern recognition},
  pages={1--9},
  year={2015}
}
@inproceedings{he2016deep,
  title={Deep residual learning for image recognition},
  author={He, Kaiming and Zhang, Xiangyu and Ren, Shaoqing and Sun, Jian},
  booktitle={Proceedings of the IEEE conference on computer vision and pattern recognition},
  pages={770--778},
  year={2016}
}
@inproceedings{szegedy2016rethinking,
  title={Rethinking the inception architecture for computer vision},
  author={Szegedy, Christian and Vanhoucke, Vincent and Ioffe, Sergey and Shlens, Jon and Wojna, Zbigniew},
  booktitle={Proceedings of the IEEE conference on computer vision and pattern recognition},
  pages={2818--2826},
  year={2016}
}
@inproceedings{szegedy2017inception,
  title={Inception-v4, inception-resnet and the impact of residual connections on learning},
  author={Szegedy, Christian and Ioffe, Sergey and Vanhoucke, Vincent and Alemi, Alexander A},
  booktitle={Thirty-First AAAI Conference on Artificial Intelligence},
  year={2017}
}
@inproceedings{ren2015faster,
  title={Faster r-cnn: Towards real-time object detection with region proposal networks},
  author={Ren, Shaoqing and He, Kaiming and Girshick, Ross and Sun, Jian},
  booktitle={Advances in neural information processing systems},
  pages={91--99},
  year={2015}
}
@inproceedings{redmon2016you,
  title={You only look once: Unified, real-time object detection},
  author={Redmon, Joseph and Divvala, Santosh and Girshick, Ross and Farhadi, Ali},
  booktitle={Proceedings of the IEEE conference on computer vision and pattern recognition},
  pages={779--788},
  year={2016}
}
@inproceedings{redmon2017yolo9000,
  title={YOLO9000: better, faster, stronger},
  author={Redmon, Joseph and Farhadi, Ali},
  booktitle={Proceedings of the IEEE conference on computer vision and pattern recognition},
  pages={7263--7271},
  year={2017}
}
@article{redmon2018yolov3,
  title={Yolov3: An incremental improvement},
  author={Redmon, Joseph and Farhadi, Ali},
  journal={arXiv preprint arXiv:1804.02767},
  year={2018}
}
@inproceedings{liu2016ssd,
  title={Ssd: Single shot multibox detector},
  author={Liu, Wei and Anguelov, Dragomir and Erhan, Dumitru and Szegedy, Christian and Reed, Scott and Fu, Cheng-Yang and Berg, Alexander C},
  booktitle={European conference on computer vision},
  pages={21--37},
  year={2016},
  organization={Springer}
}
@inproceedings{girshick2014rich,
  title={Rich feature hierarchies for accurate object detection and semantic segmentation},
  author={Girshick, Ross and Donahue, Jeff and Darrell, Trevor and Malik, Jitendra},
  booktitle={Proceedings of the IEEE conference on computer vision and pattern recognition},
  pages={580--587},
  year={2014}
}
@inproceedings{girshick2015fast,
  title={Fast r-cnn},
  author={Girshick, Ross},
  booktitle={Proceedings of the IEEE international conference on computer vision},
  pages={1440--1448},
  year={2015}
}
@inproceedings{he2017mask,
  title={Mask r-cnn},
  author={He, Kaiming and Gkioxari, Georgia and Doll{\'a}r, Piotr and Girshick, Ross},
  booktitle={Proceedings of the IEEE international conference on computer vision},
  pages={2961--2969},
  year={2017}
}
@inproceedings{lin2017feature,
  title={Feature pyramid networks for object detection},
  author={Lin, Tsung-Yi and Doll{\'a}r, Piotr and Girshick, Ross and He, Kaiming and Hariharan, Bharath and Belongie, Serge},
  booktitle={Proceedings of the IEEE Conference on Computer Vision and Pattern Recognition},
  pages={2117--2125},
  year={2017}
}
@inproceedings{long2015fully,
  title={Fully convolutional networks for semantic segmentation},
  author={Long, Jonathan and Shelhamer, Evan and Darrell, Trevor},
  booktitle={Proceedings of the IEEE conference on computer vision and pattern recognition},
  pages={3431--3440},
  year={2015}
}
@article{lafferty2001conditional,
  title={Conditional random fields: Probabilistic models for segmenting and labeling sequence data},
  author={Lafferty, John and McCallum, Andrew and Pereira, Fernando CN},
  year={2001}
}
@inproceedings{krahenbuhl2011efficient,
  title={Efficient inference in fully connected crfs with gaussian edge potentials},
  author={Kr{\"a}henb{\"u}hl, Philipp and Koltun, Vladlen},
  booktitle={Advances in neural information processing systems},
  pages={109--117},
  year={2011}
}
@article{badrinarayanan2017segnet,
  title={Segnet: A deep convolutional encoder-decoder architecture for image segmentation},
  author={Badrinarayanan, Vijay and Kendall, Alex and Cipolla, Roberto},
  journal={IEEE transactions on pattern analysis and machine intelligence},
  volume={39},
  number={12},
  pages={2481--2495},
  year={2017},
  publisher={IEEE}
}
@article{chen2014semantic,
  title={Semantic image segmentation with deep convolutional nets and fully connected crfs},
  author={Chen, Liang-Chieh and Papandreou, George and Kokkinos, Iasonas and Murphy, Kevin and Yuille, Alan L},
  journal={arXiv preprint arXiv:1412.7062},
  year={2014}
}
@article{chen2018deeplab,
  title={Deeplab: Semantic image segmentation with deep convolutional nets, atrous convolution, and fully connected crfs},
  author={Chen, Liang-Chieh and Papandreou, George and Kokkinos, Iasonas and Murphy, Kevin and Yuille, Alan L},
  journal={IEEE transactions on pattern analysis and machine intelligence},
  volume={40},
  number={4},
  pages={834--848},
  year={2018},
  publisher={IEEE}
}
@article{chen2017rethinking,
  title={Rethinking atrous convolution for semantic image segmentation},
  author={Chen, Liang-Chieh and Papandreou, George and Schroff, Florian and Adam, Hartwig},
  journal={arXiv preprint arXiv:1706.05587},
  year={2017}
}
@inproceedings{chen2018encoder,
  title={Encoder-decoder with atrous separable convolution for semantic image segmentation},
  author={Chen, Liang-Chieh and Zhu, Yukun and Papandreou, George and Schroff, Florian and Adam, Hartwig},
  booktitle={Proceedings of the European Conference on Computer Vision (ECCV)},
  pages={801--818},
  year={2018}
}
@inproceedings{chollet2017xception,
  title={Xception: Deep learning with depthwise separable convolutions},
  author={Chollet, Fran{\c{c}}ois},
  booktitle={Proceedings of the IEEE conference on computer vision and pattern recognition},
  pages={1251--1258},
  year={2017}
}
@inproceedings{lin2017refinenet,
  title={Refinenet: Multi-path refinement networks for high-resolution semantic segmentation},
  author={Lin, Guosheng and Milan, Anton and Shen, Chunhua and Reid, Ian},
  booktitle={Proceedings of the IEEE conference on computer vision and pattern recognition},
  pages={1925--1934},
  year={2017}
}
@inproceedings{zhao2017pyramid,
  title={Pyramid scene parsing network},
  author={Zhao, Hengshuang and Shi, Jianping and Qi, Xiaojuan and Wang, Xiaogang and Jia, Jiaya},
  booktitle={Proceedings of the IEEE conference on computer vision and pattern recognition},
  pages={2881--2890},
  year={2017}
}
@inproceedings{zhou2016learning,
  title={Learning deep features for discriminative localization},
  author={Zhou, Bolei and Khosla, Aditya and Lapedriza, Agata and Oliva, Aude and Torralba, Antonio},
  booktitle={Proceedings of the IEEE conference on computer vision and pattern recognition},
  pages={2921--2929},
  year={2016}
}
@article{wei2017stc,
  title={Stc: A simple to complex framework for weakly-supervised semantic segmentation},
  author={Wei, Yunchao and Liang, Xiaodan and Chen, Yunpeng and Shen, Xiaohui and Cheng, Ming-Ming and Feng, Jiashi and Zhao, Yao and Yan, Shuicheng},
  journal={IEEE transactions on pattern analysis and machine intelligence},
  volume={39},
  number={11},
  pages={2314--2320},
  year={2017},
  publisher={IEEE}
}
@inproceedings{jiang2013salient,
  title={Salient object detection: A discriminative regional feature integration approach},
  author={Jiang, Huaizu and Wang, Jingdong and Yuan, Zejian and Wu, Yang and Zheng, Nanning and Li, Shipeng},
  booktitle={Proceedings of the IEEE conference on computer vision and pattern recognition},
  pages={2083--2090},
  year={2013}
}
@inproceedings{kolesnikov2016seed,
  title={Seed, expand and constrain: Three principles for weakly-supervised image segmentation},
  author={Kolesnikov, Alexander and Lampert, Christoph H},
  booktitle={European Conference on Computer Vision},
  pages={695--711},
  year={2016},
  organization={Springer}
}
@inproceedings{wei2017object,
  title={Object region mining with adversarial erasing: A simple classification to semantic segmentation approach},
  author={Wei, Yunchao and Feng, Jiashi and Liang, Xiaodan and Cheng, Ming-Ming and Zhao, Yao and Yan, Shuicheng},
  booktitle={Proceedings of the IEEE conference on computer vision and pattern recognition},
  pages={1568--1576},
  year={2017}
}
@inproceedings{ronneberger2015u,
  title={U-net: Convolutional networks for biomedical image segmentation},
  author={Ronneberger, Olaf and Fischer, Philipp and Brox, Thomas},
  booktitle={International Conference on Medical image computing and computer-assisted intervention},
  pages={234--241},
  year={2015},
  organization={Springer}
}
@inproceedings{pohlen2017full,
  title={Full-resolution residual networks for semantic segmentation in street scenes},
  author={Pohlen, Tobias and Hermans, Alexander and Mathias, Markus and Leibe, Bastian},
  booktitle={Proceedings of the IEEE Conference on Computer Vision and Pattern Recognition},
  pages={4151--4160},
  year={2017}
}
@inproceedings{zhao2018icnet,
  title={Icnet for real-time semantic segmentation on high-resolution images},
  author={Zhao, Hengshuang and Qi, Xiaojuan and Shen, Xiaoyong and Shi, Jianping and Jia, Jiaya},
  booktitle={Proceedings of the European Conference on Computer Vision (ECCV)},
  pages={405--420},
  year={2018}
}
@article{yu2015multi,
  title={Multi-scale context aggregation by dilated convolutions},
  author={Yu, Fisher and Koltun, Vladlen},
  journal={arXiv preprint arXiv:1511.07122},
  year={2015}
}
@inproceedings{mehta2018espnet,
  title={Espnet: Efficient spatial pyramid of dilated convolutions for semantic segmentation},
  author={Mehta, Sachin and Rastegari, Mohammad and Caspi, Anat and Shapiro, Linda and Hajishirzi, Hannaneh},
  booktitle={Proceedings of the European Conference on Computer Vision (ECCV)},
  pages={552--568},
  year={2018}
}
@article{pathak2014fully,
  title={Fully convolutional multi-class multiple instance learning},
  author={Pathak, Deepak and Shelhamer, Evan and Long, Jonathan and Darrell, Trevor},
  journal={arXiv preprint arXiv:1412.7144},
  year={2014}
}
@inproceedings{pathak2015constrained,
  title={Constrained convolutional neural networks for weakly supervised segmentation},
  author={Pathak, Deepak and Krahenbuhl, Philipp and Darrell, Trevor},
  booktitle={Proceedings of the IEEE international conference on computer vision},
  pages={1796--1804},
  year={2015}
}
@inproceedings{shimoda2016distinct,
  title={Distinct class-specific saliency maps for weakly supervised semantic segmentation},
  author={Shimoda, Wataru and Yanai, Keiji},
  booktitle={European Conference on Computer Vision},
  pages={218--234},
  year={2016},
  organization={Springer}
}
@misc{pascal-voc-2012,
	author = "Everingham, M. and Van~Gool, L. and Williams, C. K. I. and Winn, J. and Zisserman, A.",
	title = "The {PASCAL} {V}isual {O}bject {C}lasses {C}hallenge 2012 {(VOC2012)} {R}esults",
	howpublished = "http://www.pascal-network.org/challenges/VOC/voc2012/workshop/index.html"}	
@inproceedings{brostow2008segmentation,
  title={Segmentation and recognition using structure from motion point clouds},
  author={Brostow, Gabriel J and Shotton, Jamie and Fauqueur, Julien and Cipolla, Roberto},
  booktitle={European conference on computer vision},
  pages={44--57},
  year={2008},
  organization={Springer}
}
@article{brostow2009semantic,
  title={Semantic object classes in video: A high-definition ground truth database},
  author={Brostow, Gabriel J and Fauqueur, Julien and Cipolla, Roberto},
  journal={Pattern Recognition Letters},
  volume={30},
  number={2},
  pages={88--97},
  year={2009},
  publisher={Elsevier}
}
@inproceedings{liu2010single,
  title={Single image depth estimation from predicted semantic labels},
  author={Liu, Beyang and Gould, Stephen and Koller, Daphne},
  booktitle={2010 IEEE Computer Society Conference on Computer Vision and Pattern Recognition},
  pages={1253--1260},
  year={2010},
  organization={IEEE}
}
@inproceedings{saxena2006learning,
  title={Learning depth from single monocular images},
  author={Saxena, Ashutosh and Chung, Sung H and Ng, Andrew Y},
  booktitle={Advances in neural information processing systems},
  pages={1161--1168},
  year={2006}
}
@inproceedings{saxena2007learning,
  title={Learning 3-d scene structure from a single still image},
  author={Saxena, Ashutosh and Sun, Min and Ng, Andrew Y},
  booktitle={2007 IEEE 11th International Conference on Computer Vision},
  pages={1--8},
  year={2007},
  organization={IEEE}
}
@article{ioffe2015batch,
  title={Batch normalization: Accelerating deep network training by reducing internal covariate shift},
  author={Ioffe, Sergey and Szegedy, Christian},
  journal={arXiv preprint arXiv:1502.03167},
  year={2015}
}
@inproceedings{ahn2018learning,
  title={Learning pixel-level semantic affinity with image-level supervision for weakly supervised semantic segmentation},
  author={Ahn, Jiwoon and Kwak, Suha},
  booktitle={Proceedings of the IEEE Conference on Computer Vision and Pattern Recognition},
  pages={4981--4990},
  year={2018}
}